@MISC{GoogleCar,
  title   = {{Google Self-Driving Car}},
  note    = {\url{https://www.google.com/selfdrivingcar/}}
}

@MISC{ProjectVerdino,
  title   = {{Proyecto Verdino}},
  note    = {\url{http://verdino.webs.ull.es/}}
}

@MISC{VisionArtificial,
  title   = {{Computer Vision}},
  note    = {\url{https://en.wikipedia.org/wiki/Computer_vision}}
}

@BOOK{VisionArtificialGPU,
  author  = {Pharr, Matt and Randima, Fernando},
  title   = {{GPU Gems 2}},
  chapter = {40},
  edition = {2},
  month   = {Abril},
  year    = {2005}
}

@BOOK{VisionPorComputador,
  author  = {González González, J.},
  title   = {{Visión Por Computador}},
  publisher = {Editorial Paraninfo},
  year    = {2000}
}

@MISC{AplicacionesRBP,
  title   = {{Stereo Vision Introduction and Applications}},
  note    = {\url{https://www.ptgrey.com/tan/10570}}
}

@book{AplicacionesDiagnostico,
  author  = {Chi Hau, Chen}, 
  title   = {Computer Vision in Medical Imaging},
  note    = {\url{http://www.worldscientific.com/doi/abs/10.1142/8766}},
  publisher = {World Scientific},
  chapter = {1},
  volume  = {2},
  month   = {January},
  year    = {2014},
}

@article{AplicacionesRovers,
  title   = {Computer vision on Mars},
  author  = {Matthies, Larry and Maimone, Mark and Johnson, Andrew and Cheng, Yang and Willson, Reg and Villalpando, Carlos and Goldberg, Steve and Huertas, Andres and Stein, Andrew and Angelova, Anelia},
  journal = {International Journal of Computer Vision},
  volume  = {75},
  number  = {1},
  pages   = {67--92},
  year    = {2007},
  publisher = {Springer}
}

@article{VisionEstereo,
  title   = {T{\'e}cnicas de procesamiento de im{\'a}genes estereosc{\'o}picas},
  author  = {Hern{\'a}ndez, Jos{\'e} Miguel Guerrero and Martinsanz, Gonzalo Pajares and Mata-Garc{\'\i}a, Mar{\'\i}a Guijarro},
  number  = {13},
  pages   = {9},
  year    = {2011},
  publisher = {CES Felipe II}
}

@article{Geometria,
  title   = {Parallel vs Converged},
  author  = {Wright, Steve},
  year    = {2011},
}

@article{CalculoDisparidad,
  title   = {C{\'a}lculo de disparidad en im{\'a}genes est{\'e}reo, una comparaci{\'o}n},
  author  = {Lecumberry, Federico},
  booktitle = {XI Congreso Argentino de Ciencias de la Computaci{\'o}n},
  year    = {2005}
}

@MISC{OdometriaMecanica,
  title   = {{Odometría mecánica}},
  note    = {\url{https://es.wikipedia.org/wiki/Odometr%C3%ADa}}
}

@MISC{OdometriaVisual,
  title   = {{Odometría visual}},
  note    = {\url{https://avisingh599.github.io/vision/visual-odometry-full/}}
}

@MISC{PSCamera,
  title   = {{PlayStation Camera}},
  note    = {\url{https://en.wikipedia.org/wiki/PlayStation_Camera}}
}

@MISC{PSCameraFAQ,
  title   = {{PS Camera Preguntas Frecuentes}},
  note    = {\url{https://blog.es.playstation.com/2013/10/30/ps4-las-preguntas-ms-frecuentes-que-se-te-puedan-ocurrir/#sect6}}
}

@MISC{Kinect,
title   = {{Kinect}},
note    = {\url{http://www.xbox.com/es-ES/xbox-one/accessories/kinect-for-xbox-one}}
}

@MISC{KinectSDK,
title   = {{Kinect for Windows}},
note    = {\url{https://developer.microsoft.com/en-us/windows/kinect}}
}

@MISC{PSCameraSpecs,
title   = {{PS Camera Specifications}},
note    = {\url{http://www.psdevwiki.com/ps4/PlayStation_4_Camera}}
}

@MISC{ProjectPerenquen,
  title   = {{Proyecto Perenquén}},
  note    = {\url{http://verdino.webs.ull.es/project-perenquen.html}}
}

@article{PerenquenNoticia,
  title   = {Ingenieros de la ULL crean un sistema que da autonomía a las sillas de ruedas},
  journal = {La Opinión de Tenerife},
  month   = {Mayo},
  year    = 2016,
  note    = {\url{http://www.laopinion.es/sociedad/2016/05/04/ingenieros-ull-crean-sistema-da/672761.html}}, 
}

@MISC{ROSAbout,
  title   = {{About ROS}},
  note    = {\url{http://www.ros.org/about-ros/}}
}

@MISC{ROSIntro,
  title   = {{Introducción a ROS}},
  note    = {\url{http://erlerobotics.com/blog/ros-introduction-es/}}
}

@MISC{ROSWiki,
  title   = {{Robot Operating System}},
  note    = {\url{https://en.wikipedia.org/wiki/Robot_Operating_System}}
}

@MISC{ROSIsforme,
  title   = {{Is ROS for me?}},
  note    = {\url{http://www.ros.org/is-ros-for-me/}}
}

@MISC{ROSInfraestructura,
  title   = {{ROS Core Components}},
  note    = {\url{http://www.ros.org/core-components/}}
}

@MISC{ROSConceptos,
  title   = {{ROS: Conceptos}},
  note    = {\url{http://erlerobotics.com/blog/ros-introduction-es/#concepts}}
}

@MISC{RTABMap,
  title   = {{RTAB-Map}},
  note    = {\url{http://introlab.github.io/rtabmap/}}
}

@MISC{ROSCommunication,
  title   = {{Comunication via Topics vs Services}},
  note    = {\url{http://wiki.ros.org/ROS/Patterns/Communication#Communication_via_Topics_vs_Services_vs_X}}
}

@MISC{PublisherSuscriber,
  title   = {{Información general del modelo de publicación de replicación}},
  note    = {\url{https://msdn.microsoft.com/es-es/library/ms152567(v=sql.120).aspx}}
}

@MISC{Ubuntu,
title   = {{Ubuntu}},
note    = {\url{http://www.ubuntu.com/download}}
}

@MISC{ROSInstall,
title   = {{Ubuntu install of ROS Indigo}},
note    = {\url{http://wiki.ros.org/indigo/Installation/Ubuntu}}
}

@MISC{PS4Eye,
title   = {{PlayStation 4 stereo camera package for ROS}},
note    = {\url{https://github.com/longjie/ps4eye}}
}

@MISC{PS4EyeHack,
title   = {{PlayStation Camera hacking}},
note    = {\url{http://ps4eye.tumblr.com/}}
}

@MISC{PackageStereoImageProc,
  title   = {{ROS Packages: StereoImageProc}},
  note    = {\url{http://wiki.ros.org/stereo_image_proc}}
}

@MISC{PackageRqtImageView,
  title   = {{ROS Packages: RqtImageView}},
  note    = {\url{http://wiki.ros.org/rqt_image_view}}
}

@MISC{PackageRtabmapRos,
  title   = {{ROS Packages: RtabmapRos}},
  note    = {\url{http://wiki.ros.org/rtabmap_ros}}
}

@MISC{PackageTf,
  title   = {{ROS Packages: Tf}},
  note    = {\url{http://wiki.ros.org/tf}}
}

@MISC{PackageGscam,
  title   = {{ROS Packages: Gscam}},
  note    = {\url{http://wiki.ros.org/gscam}}
}

@MISC{PackageCropDecimate,
  title   = {{ROS Packages: ImageProcCropDecimate}},
  note    = {\url{http://wiki.ros.org/image_proc#image_proc.2BAC8-cturtle.image_proc}}
}

@MISC{PackageCalibration,
  title   = {{ROS Packages: CameraCalibration}},
  note    = {\url{http://wiki.ros.org/camera_calibration}}
}

@MISC{PackageScanMatcher,
  title   = {{ROS Packages: LaserScanMatcher}},
  note    = {\url{http://wiki.ros.org/laser_scan_matcher}}
}

@MISC{PackageLocalization,
  title   = {{ROS Packages: RobotLocalization}},
  note    = {\url{http://wiki.ros.org/robot_localization#ekf_localization_node}}
}

@MISC{PackagePoseEkf,
  title   = {{ROS Packages: RobotPoseEkf}},
  note    = {\url{http://wiki.ros.org/robot_pose_ekf}}
}
